@article{Steketee_1973,
        doi = {10.1088/0031-9155/18/5/307},
        url = {https://doi.org/10.1088%2F0031-9155%2F18%2F5%2F307},
        year = 1973,
        month = {sep},
        publisher = {{IOP} Publishing},
        volume = {18},
        number = {5},
        pages = {686--694},
        author = {J Steketee},
        title = {Spectral emissivity of skin and pericardium},
        journal = {Physics in Medicine and Biology},
}
@article{Buettner_1965,
        author = {Buettner, Konrad J. K. and Kern, Clifford D.},
        title = {The determination of infrared emissivities of terrestrial surfaces},
        journal = {Journal of Geophysical Research (1896-1977)},
        volume = {70},
        number = {6},
        pages = {1329-1337},
        doi = {10.1029/JZ070i006p01329},
        url = {https://agupubs.onlinelibrary.wiley.com/doi/abs/10.1029/JZ070i006p01329},
        eprint = {https://agupubs.onlinelibrary.wiley.com/doi/pdf/10.1029/JZ070i006p01329},
        year = {1965}
}
